@misc{planification,
	author={Samantha Mur},
	title = {Comment gerer un projet informatique ?},
	howpublished = {\url{https://www.appvizer.fr/magazine/operations/gestion-de-projet/gestion-projet-informatique}},
	note = {18/12/2021}
}

@misc{cas_d_utilisation,
	author={Developpez},
	title = {Diagramme de cas d'utilisation},
	howpublished = {\url{https://laurent-audibert.developpez.com/Cours-UML/?page=diagramme-cas-utilisation}}
}

@misc{definition_html,
	author={Journal du net},
	title = {HyperText Markup Langage},
	howpublished = {\url{https://www.journaldunet.fr/web-tech/dictionnaire-du-webmastering/1203255-html-hypertext-markup-langage-definition-traduction/}}
}

@misc{image_classe_voiture,
	author={moodle.campusafrica},
	title = {Exemple diagramme de classe},
	howpublished = {\url{https://moodle.campusafrica.gos.orange.com/pluginfile.php/1497/mod_resource/content/2/Le%C3%A7on6/web/res/image_12.jpg}}
}

@misc{definition_diagramme_classe,
	author={memoireonline},
	title = {Diagramme de classe},
	howpublished = {\url{https://www.memoireonline.com/01/17/9565/m_Application-de-gestion-commerciale-des-produits-alimentaires13.html}}
}

@misc{definition_diagramme_composant,
	author={memoireonline},
	title = {Diagramme de composant},
	howpublished = {\url{https://www.memoireonline.com/01/17/9565/m_Application-de-gestion-commerciale-des-produits-alimentaires13.html}}
}


@misc{definition_diagramme_paquetage,
	author={memoireonline},
	title = {Diagramme de paquetage},
	howpublished = {\url{https://www.memoireonline.com/01/17/9565/m_Application-de-gestion-commerciale-des-produits-alimentaires13.html}}
}

@misc{logo_bootstrap,
	author={memoireonline},
	title = {Logo de bootstrap 5},
	howpublished = {\url{https://www.pngaaa.com/detail/3801772}}
}

@misc{logo_alpine,
	author={miro.medium.com},
	title = {Logo de AlpineJS},
	howpublished = {\url{https://miro.medium.com/max/1400/1*KIJInxXLBElyBcQaEclz6g.png}}
}

@misc{logo_laravel,
	author={laravel News},
	title = {Logo de Laravel},
	howpublished = {\url{https://laravelnews.imgix.net/images/laravel-featured.png?ixlib=php-3.3.1}}
}

@misc{laravel_1,
	author={Webilio},
	title = {Desc laravel},
	howpublished = {\url{https://webilio.xyz/2020/04/17/pourquoi-utiliser-le-framework-laravel/}}
}


@misc{logo_livewire,
	author={Livewire},
	title = {Logo livewire},
	howpublished = {\url{https://laravel.sillo.org/wp-content/uploads/2020/10/Capture-62.png}}
}

@misc{logo_mysql,
	author={MySQL},
	title = {Logo MySQL},
	howpublished = {\url{https://upload.wikimedia.org/wikipedia/fr/thumb/6/62/MySQL.svg/1200px-MySQL.svg.png}}
}

@misc{mvc_model,
	author={Openclassroom},
	title = {Model de l'architecture MVC},
	howpublished = {\url{https://openclassrooms.com/fr/courses/4670706-adoptez-une-architecture-mvc-en-php/4678736-comment-fonctionne-une-architecture-mvc}}
}

@misc{mvc_model,
	author={Openclassroom},
	title = {Model de l'architecture MVC},
	howpublished = {\url{https://openclassrooms.com/fr/courses/4670706-adoptez-une-architecture-mvc-en-php/4678736-comment-fonctionne-une-architecture-mvc}}
}


@misc{logo_mvc,
	author={Blogdummi},
	title = {Logo MVC},
	howpublished = {\url{https://blogdummi.fr/wp-content/uploads/2019/01/schema-general-architecture-mvc.png}}
}


@misc{logo_workbench,
	author={Mysql},
	title = {Logo Mysql workbench},
	howpublished = {\url{https://img.utdstc.com/icon/f6f/11c/f6f11c75fda63dd454fa5db9610a77cfd6752be4db11010f2e4252551a4abccd:200}}
}

@misc{logo_drawio,
	author={DrawIo},
	title = {Logo DrawIO},
	howpublished = {\url{https://store-images.s-microsoft.com/image/apps.1409.13851527096222888.2b60149a-04a5-4578-a6b2-d7b7377332d5.c22d8e97-4d44-4304-9bd2-55f9d29c0f82?mode=scale&q=90&h=200&w=200&background=%23464646}}
}

@misc{draw_definition,
	author={www.tice-education.fr},
	title = {description de DrawIO},
	howpublished = {\url{https://www.tice-education.fr/tous-les-articles-er-ressources/articles-internet/819-draw-io-un-outil-pour-dessiner-des-diagrammes-en-ligne}}
}

@misc{definition_merise,
	author={www.universalis.fr},
	title = {Merise},
	howpublished = {\url{https://www.universalis.fr/encyclopedie/systemes-informatiques-conception-architecture-et-urbanisation-des-systemes-d-information/#i_49502}}
}



@misc{orange_business,
	author={https://fr.wikipedia.org/},
	title = {Orange Business},
	howpublished = {\url{https://fr.wikipedia.org/wiki/Orange_Business}}
}

@misc{integration_continue,
	author={https://fr.wikipedia.org/},
	title = {Integration continue},
	howpublished = {\url{https://fr.wikipedia.org/wiki/Int%C3%A9gration_continue}}
}

